<?xml version="1.0" encoding="UTF-8"?><collection xmlns="http://www.loc.gov/MARC21/slim"><record><leader>00409nam--2200157-i-4500</leader><controlfield tag="001">000012257</controlfield><controlfield tag="002">20161230</controlfield><controlfield tag="005">20170222152909</controlfield><controlfield tag="008">060222s1000------------r-----000-0-eng-d</controlfield><datafield ind1=" " ind2=" " tag="100"><subfield code="a">Bond, W. L</subfield></datafield><datafield ind1=" " ind2=" " tag="245"><subfield code="a">Crystal technology</subfield></datafield><datafield ind1=" " ind2=" " tag="260"><subfield code="a">New York</subfield><subfield code="b">John Wiley &amp; Sons</subfield><subfield code="c">1976</subfield></datafield><datafield ind1=" " ind2=" " tag="300"><subfield code="a">342 p</subfield></datafield><datafield ind1=" " ind2=" " tag="490"><subfield code="a">Wiley Series In Pure And Applied Optics</subfield></datafield><datafield ind1=" " ind2=" " tag="852"><subfield code="a">548.5:666.266.6</subfield></datafield><datafield ind1=" " ind2=" " tag="CAT"><subfield code="a">SYS</subfield><subfield code="c">20170222</subfield><subfield code="h">152909</subfield></datafield></record></collection>